<?xml version="1.0" encoding="UTF-8"?><collection xmlns="http://www.loc.gov/MARC21/slim"><record><leader>00741nam--2200217-u-4500</leader><controlfield tag="001">000056116</controlfield><controlfield tag="002">20161230</controlfield><controlfield tag="005">20161230201052</controlfield><controlfield tag="008">141210s1000------------r-----000-0-eng-d</controlfield><datafield ind1=" " ind2=" " tag="020"><subfield code="a">0792369378</subfield></datafield><datafield ind1=" " ind2=" " tag="040"><subfield code="a">IFIN-HH</subfield></datafield><datafield ind1=" " ind2=" " tag="080"><subfield code="a">523</subfield></datafield><datafield ind1="1" ind2=" " tag="100"><subfield code="a">Poenaru, Dorin N</subfield></datafield><datafield ind1="1" ind2="0" tag="245"><subfield code="a">Nuclei far from stability and astrophysics</subfield><subfield code="b">Proceedings nato predeal, romania august 28-september 8,2000</subfield><subfield code="c">Dorin n. poenaru, heinigerd rebel, jurgen wentz (eds.)</subfield></datafield><datafield ind1=" " ind2=" " tag="260"><subfield code="a">Dordrecht</subfield><subfield code="b">Kluwer Academic Publishers</subfield><subfield code="c">2001</subfield></datafield><datafield ind1=" " ind2=" " tag="300"><subfield code="a">IX+427P</subfield></datafield><datafield ind1=" " ind2=" " tag="490"><subfield code="a">Nato Science Series Ii. Mathematics, Physics And Chemistry Vol. 17</subfield></datafield><datafield ind1=" " ind2=" " tag="500"><subfield code="a">Donatie Dr. Dorin N. Poenaru</subfield></datafield><datafield ind1="1" ind2=" " tag="700"><subfield code="a">Wentz, Jurgen</subfield><subfield code="e">Ed</subfield></datafield><datafield ind1=" " ind2=" " tag="852"><subfield code="a">81270</subfield><subfield code="c">523</subfield></datafield><datafield ind1=" " ind2=" " tag="CAT"><subfield code="a">Sys</subfield><subfield code="c">20141210</subfield><subfield code="h">155650</subfield></datafield></record></collection>